<?xml version="1.0" encoding="UTF-8"?><collection xmlns="http://www.loc.gov/MARC21/slim"><record><leader>00341nam--2200121-i-4500</leader><controlfield tag="001">000009427</controlfield><controlfield tag="002">20161230</controlfield><controlfield tag="005">20161230201028</controlfield><controlfield tag="008">060222s1000------------r-----000-0-eng-d</controlfield><datafield ind1=" " ind2=" " tag="100"><subfield code="a">Bell, Earl W. And Sinclair, Douglas C</subfield></datafield><datafield ind1=" " ind2=" " tag="245"><subfield code="a">Gas laser technology</subfield></datafield><datafield ind1=" " ind2=" " tag="260"><subfield code="a">New York, Holt, Rinehart And Winston, Inc., 1969. Xiii + 161 P</subfield></datafield><datafield ind1=" " ind2=" " tag="852"><subfield code="a">33670</subfield></datafield></record></collection>